@misc{takaku:howto,
author= {高久雅生},
title=  {卒業論文の書き方},
note=   {\url{https://speakerdeck.com/masao/how-to-write-a-thesis} （参照 2021-11-07）}
}

@book{sakai:2015:korekara,
author= {酒井聡樹},
title=  {これから論文を書く若者のために},
edition=    {究極の大改訂版},
publisher=  {共立出版},
year=   2015,
pages=  299
}

@article{takaku:2010:jsik,
author= {高久雅生 and 江草由佳 and 寺井仁 and 齋藤ひとみ and 三輪眞木子 and 神門典子},
title=  {タスク種別とユーザ特性の違いが{Web}情報探索行動に与える影響: 眼球運動データおよび閲覧行動ログを用いた分析},
journal=    {情報知識学会誌},
year=   2010,
volume= 20,
number= 3,
pages=  {249-276}
}

@mastersthesis{obata:2018:master,
author= {小幡将司},
title=  {{OPAC}利用ログを用いた文献検索システムに関する研究},
type=   {修士論文},
school= {筑波大学図書館情報メディア研究科},
year=   2018,
pages=  73
}